% This file was created with JabRef 2.9.2.
% Encoding: UTF8

@MISC{apache:kafka:home,
  author = {Kreps, Jay and Narkhede, Neha and Rao, Jun},
  title = {Apache Kafka is publish-subscribe messaging rethought as a distributed
	commit log. URL: http://kafka.apache.org/},
  month = {June},
  year = {2013},
  note = {Abgerufen am 29.06.2013},
  file = {:anhangInternet\\apachekafkahome.mht:MHT},
  timestamp = {2013.06.29},
  url = {http://kafka.apache.org/}
}

@MISC{apache:kafka:wiki:simpleconsumer,
  author = {Kreps, Jay and Narkhede, Neha and Rao, Jun},
  title = {KAFKA: 0.8.0 Simple consumer example. URL: https://cwiki.apache.org/confluence/x/FVzVAQ},
  month = {June},
  year = {2013},
  note = {Abgerufen am 29.06.2013},
  file = {:anhangInternet\\apachekafkawikisimpleconsumer.mht:MHT},
  timestamp = {2013.06.29},
  url = {https://cwiki.apache.org/confluence/x/FVzVAQ}
}

@MISC{storm:github:wiki:home,
  author = {Marz, Nathan},
  title = {Storm is a distributed realtime computation system. URL: https://github.com/nathanmarz/storm/wiki/Home/},
  month = {June},
  year = {2013},
  note = {Abgerufen am 29.06.2013},
  file = {:anhangInternet\\stormgithubwikihome.mht:MHT},
  timestamp = {2013.06.29},
  url = {https://github.com/nathanmarz/storm/wiki/Home/}
}

@MISC{storm:github:wiki:parallelismStormTopology,
  author = {Marz, Nathan},
  title = {What makes a running topology: worker processes, executors and tasks.
	URL: https://github.com/nathanmarz/storm/wiki/ Understanding-the-parallelism-of-a-Storm-topology},
  month = {June},
  year = {2013},
  note = {Abgerufen am 29.06.2013},
  file = {:anhangInternet\\stormgithubwikiparallelismStormTopology.mht:MHT},
  timestamp = {2013.06.29},
  url = {https://github.com/nathanmarz/storm/wiki/Understanding-the-parallelism-of-a-Storm-topology}
}

@MISC{apache:flume:home,
  author = {Prabhakar, Arvind and Mujumdar, Prasad and Sammer, Eric},
  title = {Apache Flume distributed, reliable, and available service for efficientliy
	operating large amounts of log data. URL: http://flume.apache.org/},
  month = {June},
  year = {2013},
  note = {Abgerufen am 29.06.2013},
  file = {:anhangInternet\\apacheflumehome.mht:MHT},
  timestamp = {2013.06.29},
  url = {http://flume.apache.org/}
}

@MISC{apache:s4:home:incubator,
  author = {Gopalakrishna, Kishore and Junqueira, Flavio and Morel, Matthieu and Neumeyer, Leo and Robbins, Bruce and Ferro, Daniel Gomez},
  title = {S4 distributed stream computing platform. URL: http://incubator.apache.org/s4/},
  month = {June},
  year = {2013},
  note = {Abgerufen am 30.06.2013},
  file = {:anhangInternet\\apaches4homeincubator.mht:MHT},
  timestamp = {2013.06.30},
  url = {http://incubator.apache.org/s4/}
}

@MISC{res:apache:mahout:home,
  title = {Apache Mahout: Scalable machine learning and data mining. URL: http://mahout.apache.org/},
  month = {June},
  year = {2013},
  note = {Abgerufen am 30.06.2013},
  file = {:anhangInternet\\resapachemahouthome.mht:MHT},
  timestamp = {2013.06.30},
  url = {http://mahout.apache.org/}
}

@MISC{res:ASF:ALV2,
  title = {Apache License, Version 2.0. URL: http://www.apache.org/licenses/},
  month = {June},
  year = {2013},
  note = {Abgerufen am 30.06.2013},
  file = {:anhangInternet\\resASFALV2.mht:MHT},
  timestamp = {2013.06.30},
  url = {http://www.apache.org/licenses/}
}

@MISC{res:Duke:face:puma,
  title = {Facebook Puma, URL: https://www.cs.duke.edu/ kmoses/cps516/puma.html
	
	},
  month = {June},
  year = {2013},
  note = {Abgerufen am 30.06.2013},
  file = {:anhangInternet\\resDukefacepuma.mht:MHT},
  timestamp = {2013.06.30},
  url = {https://www.cs.duke.edu/- kmoses/cps516/puma.html}
}

@MISC{res:EPL:V1,
  title = {Eclipse Public License, Version 1.0. URL: http://www.eclipse.org/legal/epl-v10.html},
  month = {June},
  year = {2013},
  note = {Abgerufen am 30.06.2013},
  file = {:anhangInternet\\resEPLV1.mht:MHT},
  timestamp = {2013.06.30},
  url = {http://www.eclipse.org/legal/epl-v10.html}
}

@MISC{res:EsperTech:esper:home,
  title = {Esper - Complex Event Processing. URL: http://esper.codehaus.org/},
  month = {June},
  year = {2013},
  note = {Abgerufen am 30.06.2013},
  file = {:anhangInternet\\resEsperTechesperhome.mht:MHT},
  timestamp = {2013.06.30},
  url = {http://esper.codehaus.org/}
}

@MISC{res:Stan:Stream:Man,
  title = {Stanford Stream Data Manager URL: http://infolab.stanford.edu/stream/},
  month = {June},
  year = {2013},
  note = {Abgerufen am 30.06.2013},
  file = {:anhangInternet\\resStanStreamMan.mht:MHT},
  timestamp = {2013.06.30},
  url = {http://infolab.stanford.edu/stream/}
}

@MISC{res:DataNeverSleeps20,
  author = {James, Josh},
  title = {Data Never Sleeps 2.0 URL: http://www.domo.com/blog/wp-content/uploads/2014/04/DataNeverSleeps\_2.0\_v2.jpg},
  month = {April},
  year = {2014},
  note = {Abgerufen am 05.05.2014},
  file = {:anhangInternet\\DataNeverSleeps_2.0_v2.jpg:JPG},
  timestamp = {2014.05.05},
  url = {http://www.domo.com/blog/wp-content/uploads/2014/04/DataNeverSleeps\_2.0\_v2.jpg}
}
